<record><leader>00000cas a22000007a 4500</leader><controlfield tag="001">20752399</controlfield><controlfield tag="008">891208d19301956mouwr ne      0    0eng d</controlfield><datafield ind1=" " ind2=" " tag="010"><subfield code="a">sn 89067549 </subfield></datafield><datafield ind1=" " ind2=" " tag="040"><subfield code="a">MQN</subfield><subfield code="b">eng</subfield><subfield code="c">MQN</subfield><subfield code="d">OCLCQ</subfield></datafield><datafield ind1=" " ind2=" " tag="042"><subfield code="a">msc</subfield></datafield><datafield ind1="0" ind2=" " tag="130"><subfield code="a">Hermann independent (Hermann, Mo. : 1930)</subfield></datafield><datafield ind1="1" ind2="4" tag="245"><subfield code="a">The Hermann independent.</subfield></datafield><datafield ind1=" " ind2=" " tag="260"><subfield code="a">Hermann, Mo. :</subfield><subfield code="b">Herbert Gerdemann,</subfield><subfield code="c">-1956.</subfield></datafield><datafield ind1=" " ind2=" " tag="300"><subfield code="a">v.</subfield></datafield><datafield ind1=" " ind2=" " tag="310"><subfield code="a">Weekly</subfield></datafield><datafield ind1="1" ind2=" " tag="362"><subfield code="a">Began in 1930?</subfield></datafield><datafield ind1="0" ind2=" " tag="362"><subfield code="a">-v. 25, no. 48 (Jan. 6, 1956).</subfield></datafield><datafield ind1=" " ind2=" " tag="588"><subfield code="a">Description based on: Vol. 9, no. 5 (Apr. 29, 1938).</subfield></datafield><datafield ind1=" " ind2=" " tag="752"><subfield code="a">United States</subfield><subfield code="b">Missouri</subfield><subfield code="c">Gasconade</subfield><subfield code="d">Hermann.</subfield></datafield><datafield ind1="0" ind2="5" tag="780"><subfield code="t">Rhineland record</subfield><subfield code="w">(DLC)sn 90061661</subfield></datafield><datafield ind1="0" ind2="4" tag="785"><subfield code="t">Advertiser-courier (Hermann, Mo.)</subfield><subfield code="w">(DLC)sn 89067548</subfield></datafield></record>